<record><leader>00000cas a22000007a 4500</leader><controlfield tag="001">21213140</controlfield><controlfield tag="008">900314d19251942njuwr ne      0    0eng d</controlfield><datafield ind1=" " ind2=" " tag="010"><subfield code="a">sn 90063019 </subfield></datafield><datafield ind1=" " ind2=" " tag="040"><subfield code="a">NJW</subfield><subfield code="b">eng</subfield><subfield code="c">NJW</subfield><subfield code="d">OCLCQ</subfield></datafield><datafield ind1=" " ind2=" " tag="042"><subfield code="a">msc</subfield></datafield><datafield ind1="0" ind2="0" tag="245"><subfield code="a">Wildwood tribune-journal.</subfield></datafield><datafield ind1=" " ind2=" " tag="260"><subfield code="a">Wildwood, N.J. :</subfield><subfield code="b">Wildwood Press,</subfield><subfield code="c">1925-1942.</subfield></datafield><datafield ind1=" " ind2=" " tag="310"><subfield code="a">Weekly</subfield></datafield><datafield ind1="0" ind2=" " tag="362"><subfield code="a">Vol. 35, no. 43 (Apr. 2, 1925)-v. 52, no. 32 (Jan. 26, 1942).</subfield></datafield><datafield ind1=" " ind2=" " tag="752"><subfield code="a">United States</subfield><subfield code="b">New Jersey</subfield><subfield code="c">Cape May</subfield><subfield code="d">Wildwood.</subfield></datafield><datafield ind1="0" ind2="4" tag="780"><subfield code="t">Wildwood sun-tribune</subfield><subfield code="w">(DLC)sn 90063014</subfield><subfield code="w">(OCoLC)21212984</subfield></datafield><datafield ind1="0" ind2="4" tag="780"><subfield code="t">Wildwood journal</subfield><subfield code="w">(DLC)sn 90063042</subfield></datafield><datafield ind1="0" ind2="7" tag="785"><subfield code="t">Leader</subfield><subfield code="w">(DLC)sn 87068077</subfield><subfield code="w">(OCoLC)16893659</subfield></datafield><datafield ind1="0" ind2="7" tag="785"><subfield code="t">Wildwood leader tribune-journal</subfield><subfield code="w">(DLC)sn 84020590</subfield></datafield></record>